<record><leader>00000cas a2200000 a 4500</leader><controlfield tag="001">53313023</controlfield><controlfield tag="008">031029c200u9999caucr ne      0    0chi c</controlfield><datafield ind1=" " ind2=" " tag="010"><subfield code="a">  2003223103</subfield></datafield><datafield ind1=" " ind2=" " tag="040"><subfield code="a">CLU</subfield><subfield code="b">eng</subfield><subfield code="c">CLU</subfield><subfield code="d">OCLCQ</subfield><subfield code="d">OCLCF</subfield><subfield code="d">OCLCO</subfield></datafield><datafield ind1=" " ind2=" " tag="066"><subfield code="c">$1</subfield></datafield><datafield ind1="1" ind2=" " tag="029"><subfield code="a">AU@</subfield><subfield code="b">000015742492</subfield></datafield><datafield ind1=" " ind2=" " tag="042"><subfield code="a">pcc</subfield></datafield><datafield ind1=" " ind2=" " tag="043"><subfield code="a">n-us-ca</subfield></datafield><datafield ind1="0" ind2=" " tag="130"><subfield code="6">880-01</subfield><subfield code="a">Da ji yuan shi bao (Luoshanji Mei xi ban)</subfield></datafield><datafield ind1="1" ind2="0" tag="245"><subfield code="6">880-02</subfield><subfield code="a">Da ji yuan shi bao =</subfield><subfield code="b">The epoch times.</subfield></datafield><datafield ind1="3" ind2="1" tag="246"><subfield code="a">Epoch times</subfield></datafield><datafield ind1=" " ind2=" " tag="250"><subfield code="6">880-03</subfield><subfield code="a">Luoshanji Mei xi ban.</subfield></datafield><datafield ind1=" " ind2=" " tag="260"><subfield code="6">880-04</subfield><subfield code="a">Industry, Calif. :</subfield><subfield code="b">Da ji yuan shi bao Luoshanji fen she</subfield></datafield><datafield ind1=" " ind2=" " tag="300"><subfield code="a">v. :</subfield><subfield code="b">ill. ;</subfield><subfield code="c">56 cm.</subfield></datafield><datafield ind1=" " ind2=" " tag="310"><subfield code="a">Semiweekly</subfield></datafield><datafield ind1=" " ind2=" " tag="500"><subfield code="a">Published in San Gabriel, Calif., &lt;Sept. 27-Oct. 3, 2003-&gt;</subfield></datafield><datafield ind1=" " ind2=" " tag="515"><subfield code="6">880-05</subfield><subfield code="a">Issues for &lt;Aug. 23-29, 2003-&gt; also called &lt;zong di 418 qi-&gt;</subfield></datafield><datafield ind1=" " ind2=" " tag="515"><subfield code="a">Weekend issues cover the whole week.</subfield></datafield><datafield ind1=" " ind2=" " tag="530"><subfield code="a">Selected articles are available on the World Wide Web.</subfield></datafield><datafield ind1=" " ind2=" " tag="580"><subfield code="a">Other ed.: Da ji yuan shi bao (Houston, Tex.), 2000-</subfield></datafield><datafield ind1=" " ind2=" " tag="588"><subfield code="6">880-06</subfield><subfield code="a">Description based on: Di 227 qi (2003 nian 8 yue 23 ri-2003 nian 8 yue 29 ri); title from masthead.</subfield></datafield><datafield ind1=" " ind2=" " tag="588"><subfield code="6">880-07</subfield><subfield code="a">Latest issue consulted: Di 245 qi (2003 nian 10 yue 25 ri-2003 nian 10 yue 31 ri).</subfield></datafield><datafield ind1=" " ind2="0" tag="650"><subfield code="a">Chinese Americans</subfield><subfield code="z">California</subfield><subfield code="z">Los Angeles</subfield><subfield code="v">Newspapers.</subfield></datafield><datafield ind1=" " ind2="7" tag="655"><subfield code="a">Newspapers.</subfield><subfield code="2">fast</subfield><subfield code="0">(OCoLC)fst01423814</subfield></datafield><datafield ind1=" " ind2="7" tag="650"><subfield code="a">Chinese Americans.</subfield><subfield code="2">fast</subfield><subfield code="0">(OCoLC)fst00857249</subfield></datafield><datafield ind1=" " ind2="7" tag="651"><subfield code="a">California</subfield><subfield code="z">Los Angeles.</subfield><subfield code="2">fast</subfield><subfield code="0">(OCoLC)fst01204540</subfield></datafield><datafield ind1=" " ind2=" " tag="752"><subfield code="a">United States</subfield><subfield code="b">California</subfield><subfield code="c">Los Angeles</subfield><subfield code="d">City of Industry.</subfield></datafield><datafield ind1=" " ind2=" " tag="752"><subfield code="a">United States</subfield><subfield code="b">California</subfield><subfield code="c">Los Angeles</subfield><subfield code="d">San Gabriel.</subfield></datafield><datafield ind1="0" ind2=" " tag="775"><subfield code="t">Da ji yuan shi bao (Houston, Tex.)</subfield><subfield code="w">(OCoLC)51973816</subfield></datafield><datafield ind1="4" ind2="1" tag="856"><subfield code="u">http://bibpurl.oclc.org/web/5818</subfield><subfield code="u">http://www.epochtimes.com/gb/nsc970.htm</subfield></datafield><datafield ind1="0" ind2=" " tag="880"><subfield code="6">130-01/$1</subfield><subfield code="a">&#22823;&#32000;&#20803;&#26178;&#22577; (Luoshanji Mei xi ban)</subfield></datafield><datafield ind1="1" ind2="0" tag="880"><subfield code="6">245-02/$1</subfield><subfield code="a">&#22823;&#32000;&#20803;&#26178;&#22577; =</subfield><subfield code="b">The epoch times.</subfield></datafield><datafield ind1=" " ind2=" " tag="880"><subfield code="6">250-03/$1</subfield><subfield code="a">&#27931;&#26441;&#30959;&#32654;&#35199;&#29256;.</subfield></datafield><datafield ind1=" " ind2=" " tag="880"><subfield code="6">260-04/$1</subfield><subfield code="a">Industry, Calif. :</subfield><subfield code="b">&#22823;&#32000;&#20803;&#26178;&#22577;&#27931;&#26441;&#30959;&#20998;&#31038;</subfield></datafield><datafield ind1=" " ind2=" " tag="880"><subfield code="6">515-05/$1</subfield><subfield code="a">Issues for &lt;Aug. 23-29, 2003-&gt; also called &lt;&#32317;&#31532;418&#26399;-&gt;</subfield></datafield><datafield ind1=" " ind2=" " tag="880"><subfield code="6">588-06/$1</subfield><subfield code="a">Description based on: &#31532;227&#26399; (2003&#24180;8&#26376;23&#26085;-2003&#24180;8&#26376;29&#26085;); title from masthead.</subfield></datafield><datafield ind1=" " ind2=" " tag="880"><subfield code="6">588-07/$1</subfield><subfield code="a">Latest issue consulted: &#31532;245&#26399; (2003&#24180;10&#26376;25&#26085;-2003&#24180;10&#26376;31&#26085;).</subfield></datafield></record>